<?xml version="1.0" encoding="UTF-8"?><collection xmlns="http://www.loc.gov/MARC21/slim"><record><leader>00555nam--2200205-u-4500</leader><controlfield tag="001">000051708</controlfield><controlfield tag="002">20161230</controlfield><controlfield tag="005">20161230201049</controlfield><controlfield tag="008">080915s1000------------r-----000-0-eng-d</controlfield><datafield ind1=" " ind2=" " tag="020"><subfield code="a">978-973-8060-97-5</subfield></datafield><datafield ind1=" " ind2=" " tag="040"><subfield code="a">IFIN-HH</subfield></datafield><datafield ind1=" " ind2=" " tag="080"><subfield code="a">33</subfield></datafield><datafield ind1="1" ind2=" " tag="100"><subfield code="a">Zeus, Perry</subfield></datafield><datafield ind1="1" ind2=" " tag="245"><subfield code="a">Coaching in organizatii. Ghid complet. Traducere: Magdalena Bunea</subfield><subfield code="c">Skiffington, Suzanne</subfield></datafield><datafield ind1=" " ind2=" " tag="260"><subfield code="a">Bucuresti</subfield><subfield code="b">Editura Codecs</subfield><subfield code="c">2008</subfield></datafield><datafield ind1=" " ind2=" " tag="300"><subfield code="a">375 p</subfield></datafield><datafield ind1="1" ind2=" " tag="700"><subfield code="a">Perry Zeus</subfield></datafield><datafield ind1=" " ind2=" " tag="700"><subfield code="a">Suzanna Skiffington</subfield></datafield><datafield ind1=" " ind2=" " tag="852"><subfield code="a">82108</subfield><subfield code="c">33</subfield></datafield><datafield ind1=" " ind2=" " tag="CAT"><subfield code="a">Sys</subfield><subfield code="c">20080915</subfield><subfield code="h">131904</subfield></datafield></record></collection>